@article{aartsenetal2013,
  title={The IceCube Neutrino Observatory Part V: Neutrino Oscillations and Supernova Searches},
  author={Aartsen, MG and Abbasi, R and Abdou, Y and Ackermann, M and Adams, J and Aguilar, JA and Ahlers, M and Altmann, D and Auffenberg, J and Bai, X and others},
  journal={arXiv preprint arXiv:1309.7008},
  year={2013}
}


@article{abbasi2010,
  title={Icecube neutrino observatory},
  author={Abbasi, Rasha},
  journal={International Journal of Modern Physics D},
  volume={19},
  number={06},
  pages={1041--1048},
  year={2010},
  publisher={World Scientific}
}


%IceCube Collaboration Paper on sensitivity of IceCube for nearby CCSNe
@ARTICLE{abbasietal2011,
   author = {{Abbasi}, R. and {Abdou}, Y. and {Abu-Zayyad}, T. and {Ackermann}, M. and 
	{Adams}, J. and {Aguilar}, J.~A. and {Ahlers}, M. and {Allen}, M.~M. and 
	{Altmann}, D. and {Andeen}, K. and et al.},
    title = "{IceCube sensitivity for low-energy neutrinos from nearby supernovae}",
  journal = {\aap},
     year = 2011,
    month = nov,
   volume = 535,
      eid = {A109},
    pages = {A109},
      doi = {10.1051/0004-6361/201117810},
   adsurl = {http://adsabs.harvard.edu/abs/2011A%26A...535A.109A},
  adsnote = {Provided by the SAO/NASA Astrophysics Data System}
}

%KamLAND, some infor
@article{abeetal2008,
  title={Precision measurement of neutrino oscillation parameters with KamLAND},
  author={Abe, S and Ebihara, T and Enomoto, S and Furuno, K and Gando, Y and Ichimura, K and Ikeda, H and Inoue, K and Kibe, Y and Kishimoto, Y and others},
  journal={Physical Review Letters},
  volume={100},
  number={22},
  pages={221803},
  year={2008},
  publisher={APS}
}

%HyperK letter of intent
@article{abeetal2011,
  title={Letter of Intent: The Hyper-Kamiokande Experiment---Detector Design and Physics Potential---},
  author={Abe, K and Abe, T and Aihara, H and Fukuda, Y and Hayato, Y and Huang, K and Ichikawa, AK and Ikeda, M and Inoue, K and Ishino, H and others},
  journal={arXiv preprint arXiv:1109.3262},
  year={2011}
}


%SuperK III results
@article{abeetal2011skiii,
  title={Solar neutrino results in Super-Kamiokande-III},
  author={Abe, K and Hayato, Y and Iida, T and Ikeda, M and Ishihara, C and Iyogi, K and Kameda, J and Kobayashi, K and Koshio, Y and Kozuma, Y and others},
  journal={Physical Review D},
  volume={83},
  number={5},
  pages={052010},
  year={2011},
  publisher={APS}
}

@ARTICLE{abeetal2014,
   author = {{Abe}, K. and {Adam}, J. and {Aihara}, H. and {Akiri}, T. and 
	{Andreopoulos}, C. and {Aoki}, S. and {Ariga}, A. and {Assylbekov}, S. and 
	{Autiero}, D. and {Barbi}, M. and et al.},
    title = "{Measurement of the Inclusive Electron Neutrino Charged Current Cross Section on Carbon with the T2K Near Detector}",
  journal = {arXiv e-prints},
archivePrefix = "arXiv",
   eprint = {1407.7389},
 primaryClass = "hep-ex",
 keywords = {High Energy Physics - Experiment},
     year = 2014,
    month = jul,
   adsurl = {http://adsabs.harvard.edu/abs/2014arXiv1407.7389A},
  adsnote = {Provided by the SAO/NASA Astrophysics Data System}
}

@article{abeetal2014,
  title={Ortho-positronium observation in the Double Chooz Experiment},
  author={Abe, Y and Dos Anjos, JC and Barriere, JC and Baussan, E and Bekman, I and Bergevin, M and Bezerra, TJC and Bezrukov, L and Blucher, E and Buck, C and others},
  journal={Journal of High Energy Physics},
  volume={2014},
  number={10},
  pages={1--17},
  year={2014},
  publisher={Springer}
}


@article{achterbergetal2006,
  title={First year performance of the IceCube neutrino telescope},
  author={Achterberg, Abraham and Ackermann, M and Adams, J and Ahrens, J and Andeen, K and Atlee, DW and Baccus, J and Bahcall, JN and Bai, X and Baret, B and others},
  journal={Astroparticle Physics},
  volume={26},
  number={3},
  pages={155--173},
  year={2006},
  publisher={Elsevier}
}


%Observing the Next Galactic Supernova
@ARTICLE{adamsetal2013,
   author = {{Adams}, S.~M. and {Kochanek}, C.~S. and {Beacom}, J.~F. and 
	{Vagins}, M.~R. and {Stanek}, K.~Z.},
    title = "{Observing the Next Galactic Supernova}",
  journal = {\apj},
archivePrefix = "arXiv",
   eprint = {1306.0559},
 primaryClass = "astro-ph.HE",
 keywords = {Galaxy: general, supernovae: general},
     year = 2013,
    month = dec,
   volume = 778,
      eid = {164},
    pages = {164},
      doi = {10.1088/0004-637X/778/2/164},
   adsurl = {http://adsabs.harvard.edu/abs/2013ApJ...778..164A},
  adsnote = {Provided by the SAO/NASA Astrophysics Data System}
}

%LVD
@article{agliettaetal1992,
  title={The most powerful scintillator supernovae detector: LVD},
  author={Aglietta, M and Alpat, B and Alyea, ED and Antonioli, P and Anzivino, G and Badino, G and Ban, Y and Bari, G and Basile, M and Benelli, A and others},
  journal={Il Nuovo Cimento A Series 11},
  volume={105},
  number={12},
  pages={1793--1804},
  year={1992},
  publisher={Springer}
}


%Ar-40 diff cross section
@article{andersonetal2012,
  title = {First Measurements of Inclusive Muon Neutrino Charged Current Differential Cross Sections on Argon},
  author = {Anderson, C. and Antonello, M. and Baller, B. and Bolton, T. and Bromberg, C. and Cavanna, F. and Church, E. and Edmunds, D. and Ereditato, A. and Farooq, S. and Fleming, B. and Greenlee, H. and Guenette, R. and Haug, S. and Horton-Smith, G. and James, C. and Klein, E. and Lang, K. and Laurens, P. and Linden, S. and McKee, D. and Mehdiyev, R. and Page, B. and Palamara, O. and Partyka, K. and Patch, A. and Rameika, G. and Rebel, B. and Rossi, B. and Soderberg, M. and Spitz, J. and Szelc, A. M. and Weber, M. and Yang, T. and Zeller, G.},
  collaboration = {ArgoNeuT Collaboration},
  journal = {Phys. Rev. Lett.},
  volume = {108},
  issue = {16},
  pages = {161802},
  numpages = {5},
  year = {2012},
  month = {Apr},
  publisher = {American Physical Society},
  doi = {10.1103/PhysRevLett.108.161802},
  url = {http://link.aps.org/doi/10.1103/PhysRevLett.108.161802}
}



@article{andosato2002,
  title={Determining the supernova direction by its neutrinos},
  author={Ando, Shin'ichiro and Sato, Katsuhiko},
  journal={Progress of theoretical physics},
  volume={107},
  number={5},
  pages={957--966},
  year={2002},
  publisher={Oxford University Press}
}




@article{antonelloetal2004,
  title={Detection of Cherenkov light emission in liquid argon},
  author={Antonello, M and Arneodo, F and Badertscher, A and Baiboussinov, B and Ceolin, M Baldo and Battistoni, G and Bekman, B and Benetti, P and Bernardini, E and Bischofberger, M and others},
  journal={Nuclear Instruments and Methods in Physics Research Section A: Accelerators, Spectrometers, Detectors and Associated Equipment},
  volume={516},
  number={2},
  pages={348--363},
  year={2004},
  publisher={Elsevier}
}

@article{antonelloetal2012,
  title={Precision measurement of the neutrino velocity with the ICARUS detector in the CNGS beam},
  author={Antonello, M and Baibussinov, B and Benetti, P and Boffelli, F and Calligarich, E and Canci, N and Centro, S and Cesana, A and Cieslik, K and Cline, DB and others},
  journal={Journal of High Energy Physics},
  volume={2012},
  number={11},
  pages={1--21},
  year={2012},
  publisher={Springer}
}

@article{antoniolietal2004,
  title={SNEWS: The supernova early warning system},
  author={Antonioli, Pietro and Fienberg, Richard Tresch and Fleurot, Fabrice and Fukuda, Yoshiyuki and Fulgione, Walter and Habig, Alec and Heise, Jaret and McDonald, Arthur B and Mills, Corrinne and Namba, Toshio and others},
  journal={New Journal of Physics},
  volume={6},
  number={1},
  pages={114},
  year={2004},
  publisher={IOP Publishing}
}

% Carbon NC cross sections
@article{armbruster1998,
title = "Measurement of the weak neutral current excitation 12C(νμνμ′)12C∗(1+,1;15.1&#xa0;MeV) at Eνμ=29.8 MeV ",
journal = "Physics Letters B ",
volume = "423",
number = "1–2",
pages = "15 - 20",
year = "1998",
note = "",
issn = "0370-2693",
doi = "http://dx.doi.org/10.1016/S0370-2693(98)00087-2",
url = "http://www.sciencedirect.com/science/article/pii/S0370269398000872",
author = "B Armbruster and I Blair and B.A Bodmann and N.E Booth and G Drexlin and V Eberhard and J.A Edgington and C Eichner and K Eitel and E Finckh and H Gemmeke and J Hößl and T Jannakos and P Jünger and M Kleifges and J Kleinfeller and W Kretschmer and R Maschuw and C Oehler and P Plischke and J Rapp and C Ruf and B Seligmann and M Steidl and O Stumm and J Wolf and B Zeitnitz"
}



%Ar-40 cross sections
@ARTICLE{atharsingh2004,
   author = {{Athar}, M.~S. and {Singh}, S.~K.},
    title = "{{$\nu$}$_{e}$({$\nu$}{\macr}$_{e}$)-$^{40}$Ar absorption cross sections for supernova neutrinos}",
  journal = {Physics Letters B},
 keywords = {Supernova, Neutrinos, Nuclear effects, Coulomb effects},
     year = 2004,
    month = jul,
   volume = 591,
    pages = {69-75},
      doi = {10.1016/j.physletb.2004.04.025},
   adsurl = {http://adsabs.harvard.edu/abs/2004PhLB..591...69A},
  adsnote = {Provided by the SAO/NASA Astrophysics Data System}
}

@ARTICLE{aynutdinov1997,
   author = {{Aynutdinov}, V.~M. and {Kindin}, V.~V. and {Kompaniets}, K.~G. and 
	{Petrukhin}, A.~A. and {Tkachenko}, P.~V. and {Shutenko}, V.~V. and 
	{Yashin}, I.~I.},
    title = "{Neutrino Water Detector on the Earth's Surface (NEVOD)}",
  journal = {\apss},
     year = 1997,
    month = may,
   volume = 258,
    pages = {105-116},
      doi = {10.1023/A:1001779122430},
   adsurl = {http://adsabs.harvard.edu/abs/1997Ap%26SS.258..105A},
  adsnote = {Provided by the SAO/NASA Astrophysics Data System}
}



%BBB


@inproceedings{baum2011,
  title={Supernova detection with icecube and beyond},
  author={Baum, V and Demir{\"o}rs, L and K{\"o}pke, L and Ribordy, M and others},
  year={2011},
  booktitle={in Proceedings of the 32nd International Cosmic Ray Conference, Beijing}
}

%Detection neutrino proton elastic scattering
@article{beacom2002,
  title={Detection of supernova neutrinos by neutrino-proton elastic scattering},
  author={Beacom, John F and Farr, Will M and Vogel, Petr},
  journal={Physical Review D},
  volume={66},
  number={3},
  pages={033001},
  year={2002},
  publisher={APS}
}


@article{beacomvagins2004,
  title={Antineutrino spectroscopy with large water {\v{C}}erenkov detectors},
  author={Beacom, John F and Vagins, Mark R},
  journal={Physical review letters},
  volume={93},
  number={17},
  pages={171101},
  year={2004},
  publisher={APS}
}



%Talk: Detection of Neutrinocs from Galactic and Cosmic Supernovae
%Only abstract is available
@INPROCEEDINGS{beacom2010,
   author = {{Beacom}, J.},
    title = "{Detection of Neutrinos from Galactic and Cosmic Supernovae}",
booktitle = {APS Meeting Abstracts},
     year = 2010,
    month = nov,
    pages = {2},
   adsurl = {http://adsabs.harvard.edu/abs/2010APS..DNP1WB002B},
  adsnote = {Provided by the SAO/NASA Astrophysics Data System}
}

%Borexino can do pulse discrimination
@article{bellinietal2014,
  title={Final results of Borexino Phase-I on low-energy solar neutrino spectroscopy},
  author={Bellini, Gianpaolo and Benziger, J and Bick, D and Bonfini, G and Bravo, D and Avanzini, M Buizza and Caccianiga, B and Cadonati, L and Calaprice, F and Cavalcante, P and others},
  journal={Physical Review D},
  volume={89},
  number={11},
  pages={112007},
  year={2014},
  publisher={APS}
}

%1987A neutrinos in IMB
@article{bionta1987,
  title={Observation of a neutrino burst in coincidence with supernova 1987A in the Large Magellanic Cloud},
  author={Bionta, RM and Blewitt, G and Bratton, CB and Casper, D and Ciocio, A and Claus, R and Cortez, B and Crouch, M and Dye, ST and Errede, S and others},
  journal={Physical Review Letters},
  volume={58},
  number={14},
  pages={1494},
  year={1987},
  publisher={APS}
}

%In-earth oscillations of SN neutrinos
@ARTICLE{borrielloetal2012,
   author = {{Borriello}, E. and {Chakraborty}, S. and {Mirizzi}, A. and 
	{Serpico}, P.~D. and {Tamborra}, I.},
    title = "{Can one observe Earth matter effects with supernova neutrinos?}",
  journal = {\prd},
archivePrefix = "arXiv",
   eprint = {1207.5049},
 primaryClass = "hep-ph",
 keywords = {Supernovae},
     year = 2012,
    month = oct,
   volume = 86,
   number = 8,
      eid = {083004},
    pages = {083004},
      doi = {10.1103/PhysRevD.86.083004},
   adsurl = {http://adsabs.harvard.edu/abs/2012PhRvD..86h3004B},
  adsnote = {Provided by the SAO/NASA Astrophysics Data System}
}

%Supernova neutrino detection in liquid argon
@ARTICLE{buenoetal2003,
   author = {{Bueno}, A. and {Gil-Botella}, I. and {Rubbia}, A.},
    title = "{Supernova Neutrino Detection in a liquid Argon TPC}",
  journal = {arXiv High Energy Physics - Phenomenology e-prints},
   eprint = {hep-ph/0307222},
     year = 2003,
    month = jul,
   adsurl = {http://adsabs.harvard.edu/abs/2003hep.ph....7222B},
  adsnote = {Provided by the SAO/NASA Astrophysics Data System}
}


%Supernova pointing by neutrino matter oscillation
@ARTICLE{burgmeieretal2011,
   author = {{Burgmeier}, A. and {Scholberg}, K. and {Wendell}, R.},
    title = "{Supernova pointing by neutrino matter oscillation}",
  journal = {Journal of Physics Conference Series},
     year = 2011,
    month = sep,
   volume = 312,
   number = 7,
      eid = {072007},
    pages = {072007},
      doi = {10.1088/1742-6596/312/7/072007},
   adsurl = {http://adsabs.harvard.edu/abs/2011JPhCS.312g2007B},
  adsnote = {Provided by the SAO/NASA Astrophysics Data System}
}

%Analytic fit
@article{burrowsmazurek1983,
   author = {{Burrows}, A. and {Mazurek}, T.~L.},
    title = "{Signatures of stellar collapse in electron-type neutrinos}",
  journal = {\nat},
 keywords = {Gravitational Collapse, Neutrinos, Neutron Stars, Stellar Evolution, Black Holes (Astronomy), Corpuscular Radiation, Electron Capture, Pulsars, Shock Wave Interaction, Stellar Mass Ejection, Stellar Radiation, Supermassive Stars, Supernovae, Thermonuclear Reactions},
     year = 1983,
    month = jan,
   volume = 301,
    pages = {315-318},
      doi = {10.1038/301315a0},
   adsurl = {http://adsabs.harvard.edu/abs/1983Natur.301..315B},
  adsnote = {Provided by the SAO/NASA Astrophysics Data System}
}

%The future of supernova neutrino detection
@ARTICLE{burrowsetal92,
   author = {{Burrows}, A. and {Klein}, D. and {Gandhi}, R.},
    title = "{The future of supernova neutrino detection}",
  journal = {\prd},
     year = 1992,
    month = may,
   volume = 45,
    pages = {3361-3385},
      doi = {10.1103/PhysRevD.45.3361},
   adsurl = {http://adsabs.harvard.edu/abs/1992PhRvD..45.3361B},
  adsnote = {Provided by the SAO/NASA Astrophysics Data System}
}
%The future of supernova neutrino detection (same as above, different definition)
@ARTICLE{burrowsetal1992,
   author = {{Burrows}, A. and {Klein}, D. and {Gandhi}, R.},
    title = "{The future of supernova neutrino detection}",
  journal = {\prd},
     year = 1992,
    month = may,
   volume = 45,
    pages = {3361-3385},
      doi = {10.1103/PhysRevD.45.3361},
   adsurl = {http://adsabs.harvard.edu/abs/1992PhRvD..45.3361B},
  adsnote = {Provided by the SAO/NASA Astrophysics Data System}
}


%Birth of Neutron Star
@ARTICLE{burrowslattimer1986,
   author = {{Burrows}, A. and {Lattimer}, J.~M.},
    title = "{The birth of neutron stars}",
  journal = {\apj},
 keywords = {Gravitational Collapse, Neutron Stars, Star Formation, Stellar Models, Baryons, Computational Astrophysics, Equations Of State, Neutrinos, Simulation},
     year = 1986,
    month = aug,
   volume = 307,
    pages = {178-196},
      doi = {10.1086/164405},
   adsurl = {http://adsabs.harvard.edu/abs/1986ApJ...307..178B},
  adsnote = {Provided by the SAO/NASA Astrophysics Data System}
}

%Signatures of stellar collapse in electron-type neutrinos
@ARTICLE{burrowsmazureck1983,
   author = {{Burrows}, A. and {Mazurek}, T.~L.},
    title = "{Signatures of stellar collapse in electron-type neutrinos}",
  journal = {\nat},
 keywords = {Gravitational Collapse, Neutrinos, Neutron Stars, Stellar Evolution, Black Holes (Astronomy), Corpuscular Radiation, Electron Capture, Pulsars, Shock Wave Interaction, Stellar Mass Ejection, Stellar Radiation, Supermassive Stars, Supernovae, Thermonuclear Reactions},
     year = 1983,
    month = jan,
   volume = 301,
    pages = {315-318},
      doi = {10.1038/301315a0},
   adsurl = {http://adsabs.harvard.edu/abs/1983Natur.301..315B},
  adsnote = {Provided by the SAO/NASA Astrophysics Data System}
}

@article{burrowsetal2000,
  title={A new algorithm for supernova neutrino transport and some applications},
  author={Burrows, Adam and Young, Timothy and Pinto, Philip and Eastman, Ron and Thompson, Todd A},
  journal={The Astrophysical Journal},
  volume={539},
  number={2},
  pages={865},
  year={2000},
  publisher={IOP Publishing}
}

@ARTICLE{burrowsetal2006,
   author = {{Burrows}, A. and {Reddy}, S. and {Thompson}, T.~A.},
    title = "{Neutrino opacities in nuclear matter}",
  journal = {Nuclear Physics A},
   eprint = {astro-ph/0404432},
     year = 2006,
    month = oct,
   volume = 777,
    pages = {356-394},
      doi = {10.1016/j.nuclphysa.2004.06.012},
   adsurl = {http://adsabs.harvard.edu/abs/2006NuPhA.777..356B},
  adsnote = {Provided by the SAO/NASA Astrophysics Data System}
}


%CCC

@article{cadonatietal2002,
  title={Supernova neutrino detection in Borexino},
  author={Cadonati, L and Calaprice, FP and Chen, MC},
  journal={Astroparticle Physics},
  volume={16},
  number={4},
  pages={361--372},
  year={2002},
  publisher={Elsevier}
}

@article{campagneetal2007,
  title={Physics potential of the CERN-MEMPHYS neutrino oscillation project},
  author={Campagne, Jean-Eric and Maltoni, Michele and Mezzetto, Mauro and Schwetz, Thomas},
  journal={Journal of High Energy Physics},
  volume={2007},
  number={04},
  pages={003},
  year={2007},
  publisher={IOP Publishing}
}


@ARTICLE{chakrabortyetal2014,
   author = {{Chakraborty}, S. and {Bhattacharjee}, P. and {Kar}, K.},
    title = "{Observing supernova neutrino light curve in future dark matter detectors}",
  journal = {\prd},
archivePrefix = "arXiv",
   eprint = {1309.4492},
 primaryClass = "astro-ph.HE",
 keywords = {Neutrino interactions, Neutrino scattering, Neutrino muon pion and other elementary particles, cosmic rays, Supernovae},
     year = 2014,
    month = jan,
   volume = 89,
   number = 1,
      eid = {013011},
    pages = {013011},
      doi = {10.1103/PhysRevD.89.013011},
   adsurl = {http://adsabs.harvard.edu/abs/2014PhRvD..89a3011C},
  adsnote = {Provided by the SAO/NASA Astrophysics Data System}
}

@article{cheounetal2010,
  title = {Neutrino reactions on $^{12}\mathrm{C}$ by the quasiparticle random-phase approximation (QRPA)},
  author = {Cheoun, Myung-Ki and Ha, Eunja and Lee, Su Youn and Kim, K. S. and So, W. Y. and Kajino, Toshitaka},
  journal = {Phys. Rev. C},
  volume = {81},
  issue = {2},
  pages = {028501},
  numpages = {4},
  year = {2010},
  month = {Feb},
  publisher = {American Physical Society},
  doi = {10.1103/PhysRevC.81.028501},
  url = {http://link.aps.org/doi/10.1103/PhysRevC.81.028501}
}


%DDD

%Reconstruction of supernova {$\nu$}$_{μ}$, {$\nu$}$_{τ}$, {$\nu$}{\macr}$_{μ}$, and {$\nu$}{\macr}$_{τ}$ neutrino spectra at scintillator detectors
@ARTICLE{dasguptabeacom2011,
   author = {{Dasgupta}, B. and {Beacom}, J.~F.},
    title = "{Reconstruction of supernova {$\nu$}$_{μ}$, {$\nu$}$_{τ}$, {$\nu$}{\macr}$_{μ}$, and {$\nu$}{\macr}$_{τ}$ neutrino spectra at scintillator detectors}",
  journal = {\prd},
archivePrefix = "arXiv",
   eprint = {1103.2768},
 primaryClass = "hep-ph",
 keywords = {Neutrino interactions, Supernovae},
     year = 2011,
    month = jun,
   volume = 83,
   number = 11,
      eid = {113006},
    pages = {113006},
      doi = {10.1103/PhysRevD.83.113006},
   adsurl = {http://adsabs.harvard.edu/abs/2011PhRvD..83k3006D},
  adsnote = {Provided by the SAO/NASA Astrophysics Data System}
}

@article{deoliviera2015,
  title={The Deep Underground Neutrino Experiment},
  author={Goodman, Maury},
  journal={Advances in High Energy Physics},
  volume={2015},
  year={2015},
  pages = {256351}
  publisher={Hindawi Publishing Corporation}

}

@ARTICLE{dolenceburrowsprep,
author = {{Dolence}, J and {Burrows}, A},
year = {in preparation}
}


%EEE

@article{engeletal2003,
  title={What can be learned with a lead-based supernova-neutrino detector?},
  author={Engel, J and McLaughlin, GC and Volpe, C},
  journal={Physical Review D},
  volume={67},
  number={1},
  pages={013005},
  year={2003},
  publisher={APS}
}

@article{eguchietal2003,
  title={First results from KamLAND: evidence for reactor antineutrino disappearance},
  author={Eguchi, KamLAND\& and Enomoto, S and Furuno, K and Goldman, J and Hanada, H and Ikeda, H and Ikeda, K and Inoue, K and Ishihara, K and Itoh, W and others},
  journal={Physical Review Letters},
  volume={90},
  number={2},
  pages={021802},
  year={2003},
  publisher={APS}
}

%Chemical makeup of KamLAND
@article{enomoto2005,
  title={Neutrino geophysics and observation of geo-neutrinos at KamLAND},
  author={Enomoto, Sanshiro},
  journal={Doctor Thesis, Tohoku University},
  year={2005}
}


%FFF



%Using CCD's to detect neutrinos
@ARTICLE{fernandezmoronietal2014,
   author = {{Fernandez Moroni}, G. and {Estrada}, J. and {Cancelo}, G. and 
	{Paolini}, E. and {Tiffenberg}, J. and {Molina}, J.},
    title = "{Charge Coupled Devices for detection of coherent neutrino-nucleus scattering}",
  journal = {arXiv e-prints},
archivePrefix = "arXiv",
   eprint = {1405.5761},
 primaryClass = "physics.ins-det",
 keywords = {Physics - Instrumentation and Detectors, Astrophysics - Instrumentation and Methods for Astrophysics, Nuclear Experiment},
     year = 2014,
    month = may,
   adsurl = {http://adsabs.harvard.edu/abs/2014arXiv1405.5761F},
  adsnote = {Provided by the SAO/NASA Astrophysics Data System}
}



%Discussion of SN neutrino detection
%Has the detector equation
@ARTICLE{foglietal2005,
   author = {{Fogli}, G.~L. and {Lisi}, E. and {Mirizzi}, A. and {Montanino}, D.
	},
    title = "{Probing supernova shock waves and neutrino flavour transitions in next-generation water Cherenkov detectors}",
  journal = {\jcap},
   eprint = {hep-ph/0412046},
     year = 2005,
    month = apr,
   volume = 4,
      eid = {002},
    pages = {2},
      doi = {10.1088/1475-7516/2005/04/002},
   adsurl = {http://adsabs.harvard.edu/abs/2005JCAP...04..002F},
  adsnote = {Provided by the SAO/NASA Astrophysics Data System}
}


%Review of neutrino oscillation and mixing angles
@ARTICLE{foglietal2012,
   author = {{Fogli}, G.~L. and {Lisi}, E. and {Marrone}, A. and {Montanino}, D. and 
	{Palazzo}, A. and {Rotunno}, A.~M.},
    title = "{Global analysis of neutrino masses, mixings, and phases: Entering the era of leptonic CP violation searches}",
  journal = {\prd},
archivePrefix = "arXiv",
   eprint = {1205.5254},
 primaryClass = "hep-ph",
 keywords = {Neutrino mass and mixing, Neutrino interactions, Charge conjugation parity time reversal and other discrete symmetries},
     year = 2012,
    month = jul,
   volume = 86,
   number = 1,
      eid = {013012},
    pages = {013012},
      doi = {10.1103/PhysRevD.86.013012},
   adsurl = {http://adsabs.harvard.edu/abs/2012PhRvD..86a3012F},
  adsnote = {Provided by the SAO/NASA Astrophysics Data System}
}

@article{fukudaetal2003,
  title={The super-kamiokande detector},
  author={Fukuda, S and Fukuda, Y and Hayakawa, T and Ichihara, E and Ishitsuka, M and Itow, Y and Kajita, T and Kameda, J and Kaneyuki, K and Kasuga, S and others},
  journal={Nuclear Instruments and Methods in Physics Research Section A: Accelerators, Spectrometers, Detectors and Associated Equipment},
  volume={501},
  number={2},
  pages={418--462},
  year={2003},
  publisher={Elsevier}
}

%Pulse shape discrimination
@article{francoetal2011,
  title={Positronium signature in organic liquid scintillators for neutrino experiments},
  author={Franco, D and Consolati, G and Trezzi, D},
  journal={Physical Review C},
  volume={83},
  number={1},
  pages={015504},
  year={2011},
  publisher={APS}
}

@ARTICLE{fukugitaetal1988,
   author = {{Fukugita}, M. and {Kohyama}, Y. and {Kubodera}, K.},
    title = "{Neutrino reaction cross sections on $^{12}$C target}",
  journal = {Physics Letters B},
     year = 1988,
    month = sep,
   volume = 212,
    pages = {139-144},
      doi = {10.1016/0370-2693(88)90513-8},
   adsurl = {http://adsabs.harvard.edu/abs/1988PhLB..212..139F},
  adsnote = {Provided by the SAO/NASA Astrophysics Data System}
}

@article{fulleretal1999,
  title={Prospects for detecting supernova neutrino flavor oscillations},
  author={Fuller, George M and Haxton, Wick C and McLaughlin, Gail C},
  journal={Physical Review D},
  volume={59},
  number={8},
  pages={085005},
  year={1999},
  publisher={APS}
}


%GGG


@ARTICLE{gilbotellarubbia2003,
   author = {{Gil-Botella}, I. and {Rubbia}, A.},
    title = "{Oscillation effects on supernova neutrino rates and spectra and detection of the shock breakout in a liquid argon TPC}",
  journal = {\jcap},
   eprint = {hep-ph/0307244},
     year = 2003,
    month = oct,
   volume = 10,
      eid = {009},
    pages = {9},
      doi = {10.1088/1475-7516/2003/10/009},
   adsurl = {http://adsabs.harvard.edu/abs/2003JCAP...10..009G},
  adsnote = {Provided by the SAO/NASA Astrophysics Data System}
}



%HHH

@ARTICLE{habigetal2010,
   author = {{Habig}, A. and {Snews working Group}},
    title = "{Search for neutrinos from core-collapse supernova from the global network of detectors}",
  journal = {Journal of Physics Conference Series},
     year = 2010,
    month = jan,
   volume = 203,
   number = 1,
      eid = {012078},
    pages = {012078},
      doi = {10.1088/1742-6596/203/1/012078},
   adsurl = {http://adsabs.harvard.edu/abs/2010JPhCS.203a2078H},
  adsnote = {Provided by the SAO/NASA Astrophysics Data System}
}

@article{halzenetal1996,
  title={Ultratransparent Antarctic ice as a supernova detector},
  author={Halzen, Francis and Jacobsen, JE and Zas, E},
  journal={Physical Review D},
  volume={53},
  number={12},
  pages={7359},
  year={1996},
  publisher={APS}
}

@ARTICLE{halzenrodrigues2010,
   author = {{Halzen}, F. and {Rodrigues}, J.~P.},
    title = "{Detection of supernova explosions with IceCube}",
  journal = {Classical and Quantum Gravity},
     year = 2010,
    month = oct,
   volume = 27,
   number = 19,
      eid = {194003},
    pages = {194003},
      doi = {10.1088/0264-9381/27/19/194003},
   adsurl = {http://adsabs.harvard.edu/abs/2010CQGra..27s4003H},
  adsnote = {Provided by the SAO/NASA Astrophysics Data System}
}

@article{haxton1987,
  title={Nuclear response of water Cherenkov detectors to supernova and solar neutrinos},
  author={Haxton, WC},
  journal={Physical Review D},
  volume={36},
  number={8},
  pages={2283},
  year={1987},
  publisher={APS}
}


@ARTICLE{he2014,
   author = {{He}, M. and {for the JUNO collaboration}},
    title = "{Jiangmen Underground Neutrino Observatory}",
  journal = {arXiv e-prints},
archivePrefix = "arXiv",
   eprint = {1412.4195},
 primaryClass = "physics.ins-det",
 keywords = {Physics - Instrumentation and Detectors, High Energy Physics - Experiment},
     year = 2014,
    month = dec,
   adsurl = {http://adsabs.harvard.edu/abs/2014arXiv1412.4195H},
  adsnote = {Provided by the SAO/NASA Astrophysics Data System}
}


@article{hirata1987,
  title={Observation of a neutrino burst from the supernova SN1987A},
  author={Hirata, K and Kajita, Takaaki and Koshiba, Masatoshi and Nakahata, M and Oyama, Y and Sato, N and Suzuki, A and Takita, M and Totsuka, Y and Kifune, T and others},
  journal={Physical Review Letters},
  volume={58},
  number={14},
  pages={1490},
  year={1987},
  publisher={APS}
}


%III

%Conference paper on IceCube and SNe
@ARTICLE{icecubeetal2011,
   author = {{The IceCube Collaboration}},
    title = "{The IceCube Neutrino Observatory VI: Neutrino Oscillations, Supernova Searches, Ice Properties}",
  journal = {arXiv e-prints},
archivePrefix = "arXiv",
   eprint = {1111.2731},
 primaryClass = "astro-ph.IM",
 keywords = {Astrophysics - Instrumentation and Methods for Astrophysics, Astrophysics - High Energy Astrophysical Phenomena},
     year = 2011,
    month = nov,
   adsurl = {http://adsabs.harvard.edu/abs/2011arXiv1111.2731T},
  adsnote = {Provided by the SAO/NASA Astrophysics Data System}
}

%Super-K team talking about Super-K SN neutrino sensitivity
@ARTICLE{ikedaetal2007,
   author = {{Ikeda}, M. and {Takeda}, A. and {Fukuda}, Y. and {Vagins}, M.~R. and 
	{Abe}, K. and {Iida}, T. and {Ishihara}, K. and {Kameda}, J. and 
	{Koshio}, Y. and {Minamino}, A. and {Mitsuda}, C. and {Miura}, M. and 
	{Moriyama}, S. and {Nakahata}, M. and {Obayashi}, Y. and {Ogawa}, H. and 
	{Sekiya}, H. and {Shiozawa}, M. and {Suzuki}, Y. and {Takeuchi}, Y. and 
	{Ueshima}, K. and {Watanabe}, H. and {Yamada}, S. and {Higuchi}, I. and 
	{Ishihara}, C. and {Ishitsuka}, M. and {Kajita}, T. and {Kaneyuki}, K. and 
	{Mitsuka}, G. and {Nakayama}, S. and {Nishino}, H. and {Okumura}, K. and 
	{Saji}, C. and {Takenaga}, Y. and {Clark}, S. and {Desai}, S. and 
	{Dufour}, F. and {Kearns}, E. and {Likhoded}, S. and {Litos}, M. and 
	{Raaf}, J.~L. and {Stone}, J.~L. and {Sulak}, L.~R. and {Wang}, W. and 
	{Goldhaber}, M. and {Casper}, D. and {Cravens}, J.~P. and {Dunmore}, J. and 
	{Kropp}, W.~R. and {Liu}, D.~W. and {Mine}, S. and {Regis}, C. and 
	{Smy}, M.~B. and {Sobel}, H.~W. and {Ganezer}, K.~S. and {Hill}, J. and 
	{Keig}, W.~E. and {Jang}, J.~S. and {Kim}, J.~Y. and {Lim}, I.~T. and 
	{Scholberg}, K. and {Tanimoto}, N. and {Walter}, C.~W. and {Wendell}, R. and 
	{Ellsworth}, R.~W. and {Tasaka}, S. and {Guillian}, G. and {Learned}, J.~G. and 
	{Matsuno}, S. and {Messier}, M.~D. and {Hayato}, Y. and {Ichikawa}, A.~K. and 
	{Ishida}, T. and {Ishii}, T. and {Iwashita}, T. and {Kobayashi}, T. and 
	{Nakadaira}, T. and {Nakamura}, K. and {Nitta}, K. and {Oyama}, Y. and 
	{Totsuka}, Y. and {Suzuki}, A.~T. and {Hasegawa}, M. and {Hiraide}, K. and 
	{Maesaka}, H. and {Nakaya}, T. and {Nishikawa}, K. and {Sasaki}, T. and 
	{Yamamoto}, S. and {Yokoyama}, M. and {Haines}, T.~J. and {Dazeley}, S. and 
	{Hatakeyama}, S. and {Svoboda}, R. and {Sullivan}, G.~W. and 
	{Turcan}, D. and {Habig}, A. and {Sato}, T. and {Itow}, Y. and 
	{Koike}, T. and {Tanaka}, T. and {Jung}, C.~K. and {Kato}, T. and 
	{Kobayashi}, K. and {Malek}, M. and {McGrew}, C. and {Sarrat}, A. and 
	{Terri}, R. and {Yanagisawa}, C. and {Tamura}, N. and {Idehara}, Y. and 
	{Sakuda}, M. and {Sugihara}, M. and {Kuno}, Y. and {Yoshida}, M. and 
	{Kim}, S.~B. and {Yang}, B.~S. and {Yoo}, J. and {Ishizuka}, T. and 
	{Okazawa}, H. and {Choi}, Y. and {Seo}, H.~K. and {Gando}, Y. and 
	{Hasegawa}, T. and {Inoue}, K. and {Furuse}, Y. and {Ishii}, H. and 
	{Nishijima}, K. and {Ishino}, H. and {Watanabe}, Y. and {Koshiba}, M. and 
	{Chen}, S. and {Deng}, Z. and {Liu}, Y. and {Kielczewska}, D. and 
	{Zalipska}, J. and {Berns}, H. and {Gran}, R. and {Shiraishi}, K.~K. and 
	{Stachyra}, A. and {Thrane}, E. and {Washburn}, K. and {Wilkes}, R.~J. and 
	{Super-KAMIOKANDE Collaboration}},
    title = "{Search for Supernova Neutrino Bursts at Super-Kamiokande}",
  journal = {\apj},
archivePrefix = "arXiv",
   eprint = {0706.2283},
 keywords = {galaxies: individual (Milky Way), galaxies: individual (LMC), galaxies: individual (SMC), Neutrinos, Stars: Supernovae: General},
     year = 2007,
    month = nov,
   volume = 669,
    pages = {519-524},
      doi = {10.1086/521547},
   adsurl = {http://adsabs.harvard.edu/abs/2007ApJ...669..519I},
  adsnote = {Provided by the SAO/NASA Astrophysics Data System}
}


%JJJ


%Janka, review of SN explosion mechanisms
@ARTICLE{janka2012,
   author = {{Janka}, H.-T.},
    title = "{Explosion Mechanisms of Core-Collapse Supernovae}",
  journal = {Annual Review of Nuclear and Particle Science},
archivePrefix = "arXiv",
   eprint = {1206.2503},
 primaryClass = "astro-ph.SR",
     year = 2012,
    month = nov,
   volume = 62,
    pages = {407-451},
      doi = {10.1146/annurev-nucl-102711-094901},
   adsurl = {http://adsabs.harvard.edu/abs/2012ARNPS..62..407J},
  adsnote = {Provided by the SAO/NASA Astrophysics Data System}
}

%Scipy!!!!
@Misc{scipy,
  author =    {Eric Jones and Travis Oliphant and Pearu Peterson and others},
  title =     {{SciPy}: Open source scientific tools for {Python}},
  year =      {2001--},
  url = "http://www.scipy.org/",
  note = {[Online; accessed 2015-06-19]}
}

%KKK

@ARTICLE{kachelriessetal2005,
   author = {{Kachelrie{\ss}}, M. and {Tom{\`a}s}, R. and {Buras}, R. and 
	{Janka}, H.-T. and {Marek}, A. and {Rampp}, M.},
    title = "{Exploiting the neutronization burst of a galactic supernova}",
  journal = {\prd},
   eprint = {astro-ph/0412082},
 keywords = {Supernovae, Neutrino mass and mixing},
     year = 2005,
    month = mar,
   volume = 71,
   number = 6,
      eid = {063003},
    pages = {063003},
      doi = {10.1103/PhysRevD.71.063003},
   adsurl = {http://adsabs.harvard.edu/abs/2005PhRvD..71f3003K},
  adsnote = {Provided by the SAO/NASA Astrophysics Data System}
}


%History of KamiokaNDE
@ARTICLE{kajitaetal2012,
   author = {{Kajita}, T. and {Koshiba}, M. and {Suzuki}, A.},
    title = "{On the origin of the Kamiokande experiment and neutrino astrophysics}",
  journal = {European Physical Journal H},
     year = 2012,
    month = jun,
   volume = 37,
    pages = {33-73},
      doi = {10.1140/epjh/e2012-30007-y},
   adsurl = {http://adsabs.harvard.edu/abs/2012EPJH...37...33K},
  adsnote = {Provided by the SAO/NASA Astrophysics Data System}
}

%About Liquid Argon Neutrino experiments
@ARTICLE{karagiorgi2013,
   author = {{Karagiorgi}, G.},
    title = "{Current and Future Liquid Argon Neutrino Experiments}",
  journal = {arXiv e-prints},
archivePrefix = "arXiv",
   eprint = {1304.2083},
 primaryClass = "physics.ins-det",
 keywords = {Physics - Instrumentation and Detectors, High Energy Physics - Experiment},
     year = 2013,
    month = apr,
   adsurl = {http://adsabs.harvard.edu/abs/2013arXiv1304.2083K},
  adsnote = {Provided by the SAO/NASA Astrophysics Data System}
}

%Pulse shape discrimination
@article{kinoetal2000,
  title={Positron annihilation in liquid scintillator for electron antineutrino detection},
  author={Kino, Yasushi and Sekine, Tsutomu and Sato, Yasuyoshi and Kudo, Hiroshi and Suekane, Fumihiko and Suzuki, Atsuto and Ito, Yasuo and Suzuki, Takenori},
  journal={Journal of Nuclear and Radiochemical Sciences},
  volume={1},
  number={2},
  pages={63--68},
  year={2000},
  publisher={The Japan Society of Nuclear and Radiochemical Sciences}
}

@ARTICLE{kistleretal2011,
   author = {{Kistler}, M.~D. and {Y{\"u}ksel}, H. and {Ando}, S. and {Beacom}, J.~F. and 
	{Suzuki}, Y.},
    title = "{Core-collapse astrophysics with a five-megaton neutrino detector}",
  journal = {\prd},
archivePrefix = "arXiv",
   eprint = {0810.1959},
 keywords = {Supernovae, Gravitational-wave astrophysics, Neutrino muon pion and other elementary particles, cosmic rays, Late stages of stellar evolution},
     year = 2011,
    month = jun,
   volume = 83,
   number = 12,
      eid = {123008},
    pages = {123008},
      doi = {10.1103/PhysRevD.83.123008},
   adsurl = {http://adsabs.harvard.edu/abs/2011PhRvD..83l3008K},
  adsnote = {Provided by the SAO/NASA Astrophysics Data System}
}

@ARTICLE{kistleretal2013,
   author = {{Kistler}, M.~D. and {Haxton}, W.~C. and {Y{\"u}ksel}, H.},
    title = "{Tomography of Massive Stars from Core Collapse to Supernova Shock Breakout}",
  journal = {\apj},
archivePrefix = "arXiv",
   eprint = {1211.6770},
 primaryClass = "astro-ph.CO",
 keywords = {neutrinos, stars: massive, supernovae: general },
     year = 2013,
    month = nov,
   volume = 778,
      eid = {81},
    pages = {81},
      doi = {10.1088/0004-637X/778/1/81},
   adsurl = {http://adsabs.harvard.edu/abs/2013ApJ...778...81K},
  adsnote = {Provided by the SAO/NASA Astrophysics Data System}
}


%Carbon cross sections
@article{kolbeetal1999,
  title={Weak reactions on< sup> 12</sup> C within the continuum random phase approximation with partial occupancies},
  author={Kolbe, E and Langanke, K and Vogel, P},
  journal={Nuclear Physics A},
  volume={652},
  number={1},
  pages={91--100},
  year={1999},
  publisher={Elsevier}
}

%Discussion about Pb detectors
@article{kolbelanganke2001,
  title={Role of $\nu$-i n d u c e d reactions on lead and iron in neutrino detectors},
  author={Kolbe, E and Langanke, K},
  journal={Physical Review C},
  volume={63},
  number={2},
  pages={025802},
  year={2001},
  publisher={APS}
}


@ARTICLE{kolbeetal2002,
   author = {{Kolbe}, E. and {Langanke}, K. and {Vogel}, P.},
    title = "{Estimates of weak and electromagnetic nuclear decay signatures for neutrino reactions in Super-Kamiokande}",
  journal = {\prd},
 keywords = {Neutrino interactions, Neutrino mass and mixing, Neutrino scattering},
     year = 2002,
    month = jul,
   volume = 66,
   number = 1,
      eid = {013007},
    pages = {013007},
      doi = {10.1103/PhysRevD.66.013007},
   adsurl = {http://adsabs.harvard.edu/abs/2002PhRvD..66a3007K},
  adsnote = {Provided by the SAO/NASA Astrophysics Data System}
}

@article{kolbeetal2003,
  title={Neutrino--nucleus reactions and nuclear structure},
  author={Kolbe, E and Langanke, Karlheinz and Martinez-Pinedo, G and Vogel, P},
  journal={Journal of Physics G: Nuclear and Particle Physics},
  volume={29},
  number={11},
  pages={2569},
  year={2003},
  publisher={IOP Publishing}
}



%LLL

@ARTICLE{lahabeacom2014,
   author = {{Laha}, R. and {Beacom}, J.~F.},
    title = "{Gadolinium in water Cherenkov detectors improves detection of supernova {$\nu$}$_{e}$}",
  journal = {\prd},
archivePrefix = "arXiv",
   eprint = {1311.6407},
 primaryClass = "astro-ph.HE",
 keywords = {Neutrino muon pion and other elementary particles, cosmic rays, Ordinary neutrinos (nuW bosons, Non-standard-model neutrinos right-handed neutrinos etc., Supernovae},
     year = 2014,
    month = mar,
   volume = 89,
   number = 6,
      eid = {063007},
    pages = {063007},
      doi = {10.1103/PhysRevD.89.063007},
   adsurl = {http://adsabs.harvard.edu/abs/2014PhRvD..89f3007L},
  adsnote = {Provided by the SAO/NASA Astrophysics Data System}
}

%arXiv 2014 article on scintillators
@ARTICLE{lahaetal2014,
   author = {{Laha}, R. and {Beacom}, J.~F. and {Agarwalla}, S.~K.},
    title = "{New Power to Measure Supernova \$$\backslash$nu\_e\$ with Large Liquid Scintillator Detectors}",
  journal = {arXiv e-prints},
archivePrefix = "arXiv",
   eprint = {1412.8425},
 primaryClass = "hep-ph",
 keywords = {High Energy Physics - Phenomenology, Astrophysics - High Energy Astrophysical Phenomena, Astrophysics - Solar and Stellar Astrophysics, High Energy Physics - Experiment, Nuclear Theory},
     year = 2014,
    month = dec,
   adsurl = {http://adsabs.harvard.edu/abs/2014arXiv1412.8425L},
  adsnote = {Provided by the SAO/NASA Astrophysics Data System}
}


@ARTICLE{langankeetal1996,
   author = {{Langanke}, K. and {Vogel}, P. and {Kolbe}, E.},
    title = "{Signal for Supernova {$\nu$}$_{mu}$ and {$\nu$}$_{tau}$ Neutrinos in Water {\v C}erenkov Detectors}",
  journal = {Physical Review Letters},
   eprint = {nucl-th/9511032},
     year = 1996,
    month = apr,
   volume = 76,
    pages = {2629-2632},
      doi = {10.1103/PhysRevLett.76.2629},
   adsurl = {http://adsabs.harvard.edu/abs/1996PhRvL..76.2629L},
  adsnote = {Provided by the SAO/NASA Astrophysics Data System}
}

%L-S equation of state
@article{lattimerswesty1991,
  title={A generalized equation of state for hot, dense matter},
  author={Lattimer, James M and Swesty, F Douglas},
  journal={Nuclear Physics A},
  volume={535},
  number={2},
  pages={331--376},
  year={1991},
  publisher={Elsevier}
}

%%%%%%%%%%% Great Neutron Star paper neutron star ns lattimer
@article{lattimerprakash2004,
  title={The physics of neutron stars},
  author={Lattimer, JM and Prakash, M},
  journal={Science},
  volume={304},
  number={5670},
  pages={536--542},
  year={2004},
  publisher={American Association for the Advancement of Science}
}




%JUNO has LAB
@ARTICLE{li2014,
   author = {{Li}, Y.-F.},
    title = "{Overview of the Jiangmen Underground Neutrino Observatory (JUNO)}",
  journal = {International Journal of Modern Physics Conference Series},
archivePrefix = "arXiv",
   eprint = {1402.6143},
 primaryClass = "physics.ins-det",
 keywords = {Neutrino oscillation, mass hierarchy, reactors, JUNO, Neutrino mass and mixing, Scintillation detectors, Power and production reactors, Neutrino interactions},
     year = 2014,
    month = may,
   volume = 31,
      eid = {1460300},
    pages = {1460300},
      doi = {10.1142/S2010194514603007},
   adsurl = {http://adsabs.harvard.edu/abs/2014IJMPS..3160300L},
  adsnote = {Provided by the SAO/NASA Astrophysics Data System}
}

@ARTICLE{lujanpeschardetal2014,
   author = {{Lujan-Peschard}, C. and {Pagliaroli}, G. and {Vissani}, F.},
    title = "{Spectrum of supernova neutrinos in ultra-pure scintillators}",
  journal = {\jcap},
archivePrefix = "arXiv",
   eprint = {1402.6953},
 primaryClass = "astro-ph.SR",
     year = 2014,
    month = jul,
   volume = 7,
      eid = {051},
    pages = {51},
      doi = {10.1088/1475-7516/2014/07/051},
   adsurl = {http://adsabs.harvard.edu/abs/2014JCAP...07..051L},
  adsnote = {Provided by the SAO/NASA Astrophysics Data System}
}


@article{lunardinismirnov2001,
title = "Supernova neutrinos: Earth matter effects and neutrino mass spectrum ",
journal = "Nuclear Physics B ",
volume = "616",
number = "1–2",
pages = "307 - 348",
year = "2001",
note = "",
issn = "0550-3213",
doi = "http://dx.doi.org/10.1016/S0550-3213(01)00468-0",
url = "http://www.sciencedirect.com/science/article/pii/S0550321301004680",
author = "C. Lunardini and A.Yu. Smirnov"
}

%only used two pages from this
%resolution function
%Source 10 in fogli et al.
@ARTICLE{lunardinismirnov2003,
   author = {{Lunardini}, C. and {Smirnov}, A.~Y.},
    title = "{Probing the neutrino mass hierarchy and the 13-mixing with supernovae}",
  journal = {\jcap},
   eprint = {hep-ph/0302033},
     year = 2003,
    month = jun,
   volume = 6,
      eid = {009},
    pages = {9},
      doi = {10.1088/1475-7516/2003/06/009},
   adsurl = {http://adsabs.harvard.edu/abs/2003JCAP...06..009L},
  adsnote = {Provided by the SAO/NASA Astrophysics Data System}
}

%MMM

@ARTICLE{marcianoparsa2003,
   author = {{Marciano}, W.~J. and {Parsa}, Z.},
    title = "{Neutrino electron scattering theory}",
  journal = {Journal of Physics G Nuclear Physics},
   eprint = {hep-ph/0403168},
     year = 2003,
    month = nov,
   volume = 29,
    pages = {2629-2645},
      doi = {10.1088/0954-3899/29/11/013},
   adsurl = {http://adsabs.harvard.edu/abs/2003JPhG...29.2629M},
  adsnote = {Provided by the SAO/NASA Astrophysics Data System}
}

@article{mirizzietal2015,
  title={Supernova Neutrinos: Production, Oscillations and Detection},
  author={Mirizzi, Alessandro and Tamborra, Irene and Janka, Hans-Thomas and Saviano, Ninetta and Scholberg, Kate and Bollig, Robert and Hudepohl, Lorenz and Chakraborty, Sovan},
  journal={arXiv preprint arXiv:1508.00785},
  year={2015}
}

@ARTICLE{mollenbergetal2014,
   author = {{M{\"o}llenberg}, R. and {von Feilitzsch}, F. and {Hellgartner}, D. and 
	{Oberauer}, L. and {Tippmann}, M. and {Winter}, J. and {Wurm}, M. and 
	{Zimmer}, V.},
    title = "{Detecting the Diffuse Supernova Neutrino Background with LENA}",
  journal = {arXiv e-prints},
archivePrefix = "arXiv",
   eprint = {1409.2240},
 primaryClass = "astro-ph.IM",
 keywords = {Astrophysics - Instrumentation and Methods for Astrophysics, Astrophysics - Solar and Stellar Astrophysics, Physics - Instrumentation and Detectors},
     year = 2014,
    month = sep,
   adsurl = {http://adsabs.harvard.edu/abs/2014arXiv1409.2240M},
  adsnote = {Provided by the SAO/NASA Astrophysics Data System}
}

%Status of GADZOOKS proposal, update on EGADS
@article{mori2013,
  title={Status of the Super-Kamiokande gadolinium project},
  author={Mori, Takaaki and Super-Kamiokande Collaboration and others},
  journal={Nuclear Instruments and Methods in Physics Research Section A: Accelerators, Spectrometers, Detectors and Associated Equipment},
  volume={732},
  pages={316--319},
  year={2013},
  publisher={Elsevier}
}


@article{muhlbeieretal2013,
  title={Revisiting the triangulation method for pointing to supernova and failed supernova with neutrinos},
  author={M{\"u}hlbeier, T and Nunokawa, H and Funchal, R Zukanovich},
  journal={Physical Review D},
  volume={88},
  number={8},
  pages={085010},
  year={2013},
  publisher={APS}
}


%NNN


%OOO

@article{oberaueretal2005,
  title={A large liquid scintillator detector for low-energy neutrino astronomy},
  author={Oberauer, L and Von Feilitzsch, F and Potzel, W},
  journal={Nuclear Physics B-Proceedings Supplements},
  volume={138},
  pages={108--111},
  year={2005},
  publisher={Elsevier}
}

@article{oliveetal2014,
   author = {{Olive}, K.~A. and Agashe, K. and Amsler, C. and Antonelli, M. and Arguin, J.-F. and Asner, D. M. and Baer, H. and Band, H. R. and Barnett, R. M. and  Basaglia, T. and Bauer, C.W. and Beatty, J.J. and Belousov, V.I. and Beriner, J. and Bernardi, G. and Bethke, S. and {Particle Data Group}},
    title = "{Review of Particle Physics}",
  journal = {Chinese Physics C},
     year = 2014,
    month = aug,
   volume = 38,
   number = 9,
      eid = {090001},
    pages = {090001},
      doi = {10.1088/1674-1137/38/9/090001},
   adsurl = {http://adsabs.harvard.edu/abs/2014ChPhC..38i0001O},
  adsnote = {Provided by the SAO/NASA Astrophysics Data System}
}



%PPP

%NOvA
@article{pattersonetal2012,
   author = {{Patterson}, R.~B.},
    title = "{The NOvA experiment: status and outlook}",
  journal = {Nuclear Physics B Proceedings Supplements},
archivePrefix = "arXiv",
   eprint = {1209.0716},
 primaryClass = "hep-ex",
     year = 2013,
    month = feb,
   volume = 235,
    pages = {151-157},
      doi = {10.1016/j.nuclphysbps.2013.04.005},
   adsurl = {http://adsabs.harvard.edu/abs/2013NuPhS.235..151P},
  adsnote = {Provided by the SAO/NASA Astrophysics Data System}
}

%Neutrino oscillations, impact on nucleosynthesis
@ARTICLE{pllumbietal2014,
   author = {{Pllumbi}, E. and {Tamborra}, I. and {Wanajo}, S. and {Janka}, H.-T. and 
	{Huedepohl}, L.},
    title = "{Impact of neutrino flavor oscillations on the neutrino-driven wind nucleosynthesis of an electron-capture supernova}",
  journal = {arXiv e-prints},
archivePrefix = "arXiv",
   eprint = {1406.2596},
 primaryClass = "astro-ph.SR",
 keywords = {Astrophysics - Solar and Stellar Astrophysics, Nuclear Theory},
     year = 2014,
    month = jun,
   adsurl = {http://adsabs.harvard.edu/abs/2014arXiv1406.2596P},
  adsnote = {Provided by the SAO/NASA Astrophysics Data System}
}

%10s neutrino reference 
@article{prakash1997,
  title={Composition and structure of protoneutron stars},
  author={Prakash, Madappa and Bombaci, Ignazio and Prakash, Manju and Ellis, Paul J and Lattimer, James M and Knorren, Roland},
  journal={Physics Reports},
  volume={280},
  number={1},
  pages={1--77},
  year={1997},
  publisher={Elsevier}
}


@article{pryoretal1988,
  title={Detecting thermal neutrinos from supernovae with DUMAND},
  author={Pryor, Carlton and Roos, Charles E and Webster, Medford S},
  journal={The Astrophysical Journal},
  volume={329},
  pages={335--338},
  year={1988}
}

%QQQ


%RRR


%Talk: Supernova Neutrinos:. Flavor-Dependent Fluxes and Spectra
@INPROCEEDINGS{Raffletetal2004,
   author = {{Raffelt}, G.~G. and {Keil}, M.~T. and {Buras}, R. and {Janka}, H.-T. and 
	{Rampp}, M.},
    title = "{Supernova Neutrinos:. Flavor-Dependent Fluxes and Spectra}",
booktitle = {Neutrino Oscillations and their Origin},
     year = 2004,
   eprint = {astro-ph/0303226},
   editor = {{Suzuki}, Y. and {Nakahata}, M. and {Itow}, Y. and {Shiozawa}, M. and 
	{Obayashi}, Y.},
    month = apr,
    pages = {380-387},
      doi = {10.1142/9789812703101_0044},
   adsurl = {http://adsabs.harvard.edu/abs/2004noo..conf..380R},
  adsnote = {Provided by the SAO/NASA Astrophysics Data System}
}


%Original? proposal for liquid argon detector, has primitive cross section
@article{raghavan1986,
  title = {Inverse ${$\beta${}}^{\mathrm{-}}$ decay of $^{40}\mathrm{Ar}$: A new approach for observing MeV neutrinos from laboratory and astrophysical sources},
  author = {Raghavan, R. S.},
  journal = {Phys. Rev. D},
  volume = {34},
  issue = {7},
  pages = {2088--2091},
  numpages = {0},
  year = {1986},
  month = {Oct},
  publisher = {American Physical Society},
  doi = {10.1103/PhysRevD.34.2088},
  url = {http://link.aps.org/doi/10.1103/PhysRevD.34.2088}
}


@techreport{rubbia1977,
  title={The liquid argon time projection chamber: a new concept for neutrino detector},
  author={Rubbia, C},
  year={1977},
  institution={CERN-EP/77-08}
}

@article{rubbiaetal2011,
  title={Underground operation of the ICARUS T600 LAr-TPC: first results},
  author={Rubbia, C and Antonello, M and Aprili, P and Baibussinov, B and Ceolin, M Baldo and Barze, L and Benetti, P and Calligarich, E and Canci, N and Carbonara, F and others},
  journal={Journal of Instrumentation},
  volume={6},
  number={07},
  pages={P07011},
  year={2011},
  publisher={IOP Publishing}
}

@ARTICLE{rubbia2012,
   author = {{Rubbia}, A.},
    title = "{Towards GLACIER, an underground giant liquid argon neutrino detector}",
  journal = {Journal of Physics Conference Series},
     year = 2012,
    month = jul,
   volume = 375,
   number = 4,
      eid = {042058},
    pages = {042058},
      doi = {10.1088/1742-6596/375/1/042058},
   adsurl = {http://adsabs.harvard.edu/abs/2012JPhCS.375d2058R},
  adsnote = {Provided by the SAO/NASA Astrophysics Data System}
}

@article{ryazhskaya1992,
  author={Ryazhskaya, OG and Ryasny\u{\i}, VG},
    title = "{Detection of muon and tau neutrinos from the gravitational collapse of stars with the help of low-background scintillation detectors}",
  journal = {ZhETF Pisma Redaktsiiu},
     year = 1992,
    month = nov,
   volume = 56,
    pages = {433},
   adsurl = {http://adsabs.harvard.edu/abs/1992ZhPmR..56..433R},
  adsnote = {Provided by the SAO/NASA Astrophysics Data System}
}

%SSS


@article{salatheetal2012,
  title={Novel technique for supernova detection with IceCube},
  author={Salathe, M and Ribordy, M and Demiroers, L},
  journal={Astroparticle Physics},
  volume={35},
  number={8},
  pages={485--494},
  year={2012},
  publisher={Elsevier}
}

@article{scholberg2008,
  title={The supernova early warning system},
  author={Scholberg, K},
  journal={Astronomische Nachrichten},
  volume={329},
  number={3},
  pages={337--339},
  year={2008},
  publisher={Wiley Online Library}
}

%Supernova Neutrino Detection, a review paper
@ARTICLE{scholberg2012,
   author = {{Scholberg}, K.},
    title = "{Supernova Neutrino Detection}",
  journal = {Annual Review of Nuclear and Particle Science},
archivePrefix = "arXiv",
   eprint = {1205.6003},
 primaryClass = "astro-ph.IM",
     year = 2012,
    month = nov,
   volume = 62,
    pages = {81-103},
      doi = {10.1146/annurev-nucl-102711-095006},
   adsurl = {http://adsabs.harvard.edu/abs/2012ARNPS..62...81S},
  adsnote = {Provided by the SAO/NASA Astrophysics Data System}
}


%Talk: The Detection of Supernova Neutrinos
@INPROCEEDINGS{2011AAS...21821003S,
   author = {{Scholberg}, K.},
    title = "{The Detection of Supernova Neutrinos}",
booktitle = {American Astronomical Society Meeting Abstracts \#218},
     year = 2011,
    month = may,
    pages = {#210.03},
   adsurl = {http://adsabs.harvard.edu/abs/2011AAS...21821003S},
  adsnote = {Provided by the SAO/NASA Astrophysics Data System}
}

%Lower thresholds for SuperK IV
@article{sekiya2013,
   author = {{Sekiya}, H. },
    title = "{Solar neutrino analysis of Super-Kamiokande}",
  journal = {arXiv e-prints},
archivePrefix = "arXiv",
   eprint = {1307.3686},
 primaryClass = "astro-ph.SR",
 keywords = {Astrophysics - Solar and Stellar Astrophysics, High Energy Physics - Experiment},
     year = 2013,
    month = jul,
   adsurl = {http://adsabs.harvard.edu/abs/2013arXiv1307.3686S},
  adsnote = {Provided by the SAO/NASA Astrophysics Data System}
}

%TRUE fiducial volume for IceCube
@article{serpicoetal2012,
  title={Probing the neutrino mass hierarchy with the rise time of a supernova burst},
  author={Serpico, Pasquale D and Chakraborty, Sovan and Fischer, Tobias and H{\"u}depohl, Lorenz and Janka, Hans-Thomas and Mirizzi, Alessandro},
  journal={Physical Review D},
  volume={85},
  number={8},
  pages={085031},
  year={2012},
  publisher={APS}
}

%%% Shen et al July
@ARTICLE{shenetaljul1998,
   author = {{Shen}, H. and {Toki}, H. and {Oyamatsu}, K. and {Sumiyoshi}, K.
	},
    title = "{Relativistic equation of state of nuclear matter for supernova and neutron star}",
  journal = {Nuclear Physics A},
   eprint = {nucl-th/9805035},
     year = 1998,
    month = jul,
   volume = 637,
    pages = {435-450},
      doi = {10.1016/S0375-9474(98)00236-X},
   adsurl = {http://adsabs.harvard.edu/abs/1998NuPhA.637..435S},
  adsnote = {Provided by the SAO/NASA Astrophysics Data System}
}

%%% Shen et al November
@ARTICLE{shenetalnov1998,
   author = {{Shen}, H. and {Toki}, H. and {Oyamatsu}, K. and {Sumiyoshi}, K.
	},
    title = "{Relativistic Equation of State of Nuclear Matter for Supernova Explosion}",
  journal = {Progress of Theoretical Physics},
   eprint = {nucl-th/9806095},
     year = 1998,
    month = nov,
   volume = 100,
    pages = {1013-1031},
      doi = {10.1143/PTP.100.1013},
   adsurl = {http://adsabs.harvard.edu/abs/1998PThPh.100.1013S},
  adsnote = {Provided by the SAO/NASA Astrophysics Data System}
}



@article{strigarietal2004,
  title={The supernova relic neutrino backgrounds at KamLAND and Super-Kamiokande},
  author={Strigari, Louis E and Kaplinghat, Manoj and Steigman, Gary and Walker, Terry P},
  journal={Journal of Cosmology and Astroparticle Physics},
  volume={2004},
  number={03},
  pages={007},
  year={2004},
  publisher={IOP Publishing}
}

@ARTICLE{strumiavissani2003,
   author = {{Strumia}, A. and {Vissani}, F.},
    title = "{Precise quasielastic neutrino/nucleon cross-section}",
  journal = {Physics Letters B},
   eprint = {astro-ph/0302055},
     year = 2003,
    month = jul,
   volume = 564,
    pages = {42-54},
      doi = {10.1016/S0370-2693(03)00616-6},
   adsurl = {http://adsabs.harvard.edu/abs/2003PhLB..564...42S},
  adsnote = {Provided by the SAO/NASA Astrophysics Data System}
}

@ARTICLE{sullivanetal2015,
   author = {{Sullivan}, C. and {O'Connor}, E. and {Zegers}, R.~G.~T. and 
	{Grubb}, T. and {Austin}, S.~M.},
    title = "{The Sensitivity of Core-Collapse Supernovae to Nuclear Electron Capture}",
  journal = {arXiv e-prints},
archivePrefix = "arXiv",
   eprint = {1508.07348},
 primaryClass = "astro-ph.HE",
 keywords = {Astrophysics - High Energy Astrophysical Phenomena, Nuclear Experiment, Nuclear Theory},
     year = 2015,
    month = aug,
   adsurl = {http://adsabs.harvard.edu/abs/2015arXiv150807348S},
  adsnote = {Provided by the SAO/NASA Astrophysics Data System}
}

%Deep-TITAND proposal
@article{suzuki2001,
  title={Multi-Megaton Water Cherenkov Detector for a Proton Decay Search--TITAND},
  author={Suzuki, Yoichiro},
  journal={arXiv preprint hep-ex/0110005},
  year={2001}
}


%TTT

@ARTICLE{tamborraetal2014,
   author = {{Tamborra}, I. and {Raffelt}, G. and {Hanke}, F. and {Janka}, H.-T. and 
	{Mueller}, B.},
    title = "{Neutrino emission characteristics and detection opportunities based on three-dimensional supernova simulations}",
  journal = {arXiv e-prints},
archivePrefix = "arXiv",
   eprint = {1406.0006},
 primaryClass = "astro-ph.SR",
 keywords = {Astrophysics - Solar and Stellar Astrophysics, High Energy Physics - Experiment, High Energy Physics - Phenomenology},
     year = 2014,
    month = may,
   adsurl = {http://adsabs.harvard.edu/abs/2014arXiv1406.0006T},
  adsnote = {Provided by the SAO/NASA Astrophysics Data System}
}

@ARTICLE{tamborraetal2013,
   author = {{Tamborra}, I. and {Hanke}, F. and {M{\"u}ller}, B. and {Janka}, H.-T. and 
	{Raffelt}, G.},
    title = "{Neutrino Signature of Supernova Hydrodynamical Instabilities in Three Dimensions}",
  journal = {Physical Review Letters},
archivePrefix = "arXiv",
   eprint = {1307.7936},
 primaryClass = "astro-ph.SR",
 keywords = {Supernovae, Ordinary neutrinos (nuW bosons},
     year = 2013,
    month = sep,
   volume = 111,
   number = 12,
      eid = {121104},
    pages = {121104},
      doi = {10.1103/PhysRevLett.111.121104},
   adsurl = {http://adsabs.harvard.edu/abs/2013PhRvL.111l1104T},
  adsnote = {Provided by the SAO/NASA Astrophysics Data System}
}


@ARTICLE{tamborraetal2012,
   author = {{Tamborra}, I. and {M{\"u}ller}, B. and {H{\"u}depohl}, L. and 
	{Janka}, H.-T. and {Raffelt}, G.},
    title = "{High-resolution supernova neutrino spectra represented by a simple fit}",
  journal = {\prd},
archivePrefix = "arXiv",
   eprint = {1211.3920},
 primaryClass = "astro-ph.SR",
 keywords = {Neutrino mass and mixing, Supernovae},
     year = 2012,
    month = dec,
   volume = 86,
   number = 12,
      eid = {125031},
    pages = {125031},
      doi = {10.1103/PhysRevD.86.125031},
   adsurl = {http://adsabs.harvard.edu/abs/2012PhRvD..86l5031T},
  adsnote = {Provided by the SAO/NASA Astrophysics Data System}
}



@ARTICLE{thompsonetal2003,
   author = {{Thompson}, T.~A. and {Burrows}, A. and {Pinto}, P.~A.},
    title = "{Shock Breakout in Core-Collapse Supernovae and Its Neutrino Signature}",
  journal = {\apj},
   eprint = {astro-ph/0211194},
 keywords = {Neutrinos, Radiative Transfer, Stars: Supernovae: General},
     year = 2003,
    month = jul,
   volume = 592,
    pages = {434-456},
      doi = {10.1086/375701},
   adsurl = {http://adsabs.harvard.edu/abs/2003ApJ...592..434T},
  adsnote = {Provided by the SAO/NASA Astrophysics Data System}
}

%scattering on electrons cross section hopefully
@article{tomasetal2003,
  title = {Supernova pointing with low- and high-energy neutrino detectors},
  author = {Tom\`as, R. and Semikoz, D. and Raffelt, G. G. and Kachelrie\ss{}, M. and Dighe, A. S.},
  journal = {Phys. Rev. D},
  volume = {68},
  issue = {9},
  pages = {093013},
  numpages = {12},
  year = {2003},
  month = {Nov},
  publisher = {American Physical Society},
  doi = {10.1103/PhysRevD.68.093013},
  url = {http://link.aps.org/doi/10.1103/PhysRevD.68.093013}
}


%UUU


%VVV

@article{vagins2012,
  title={Detection of Supernova Neutrinos},
  author={Vagins, Mark R},
  journal={Nuclear Physics B-Proceedings Supplements},
  volume={229},
  pages={325--330},
  year={2012},
  publisher={Elsevier}
}


@ARTICLE{vogelbeacom1999,
   author = {{Vogel}, P. and {Beacom}, J.~F.},
    title = "{Angular distribution of neutron inverse beta decay, {$\nu$}{\macr}$_{e}$+p--{\gt}e$^{+}$+n}",
  journal = {\prd},
   eprint = {hep-ph/9903554},
 keywords = {Neutrino scattering, Neutrino muon pion and other elementary particle detectors, cosmic ray detectors},
     year = 1999,
    month = sep,
   volume = 60,
   number = 5,
      eid = {053003},
    pages = {053003},
      doi = {10.1103/PhysRevD.60.053003},
   adsurl = {http://adsabs.harvard.edu/abs/1999PhRvD..60e3003V},
  adsnote = {Provided by the SAO/NASA Astrophysics Data System}
}

%WWW

%First Gd neutron tagging study
@article{watanabe2009,
  title={First study of neutron tagging with a water Cherenkov detector},
  author={Watanabe, Hideki and Zhang, Haibing and Abe, K and Hayato, Y and Iida, T and Ikeda, M and Kameda, J and Kobayashi, K and Koshio, Y and Miura, M and others},
  journal={Astroparticle Physics},
  volume={31},
  number={4},
  pages={320--328},
  year={2009},
  publisher={Elsevier}
}


@ARTICLE{woosleyheger2007,
   author = {{Woosley}, S.~E. and {Heger}, A.},
    title = "{Nucleosynthesis and remnants in massive stars of solar metallicity}",
  journal = {\physrep},
   eprint = {astro-ph/0702176},
     year = 2007,
    month = apr,
   volume = 442,
    pages = {269-283},
      doi = {10.1016/j.physrep.2007.02.009},
   adsurl = {http://adsabs.harvard.edu/abs/2007PhR...442..269W},
  adsnote = {Provided by the SAO/NASA Astrophysics Data System}
}

%XXX


%YYY


@ARTICLE{yangetal2012,
   author = {{Yang}, Z.-W. and {Ding}, M.-M. and {Chen}, S.-M. and {Wang}, Z. and 
	{Zhang}, F. and {Gao}, Y.-N.},
    title = "{Simulation study of neutrino nucleus cross section measurement in a segmented detector at a spallation neutron source}",
  journal = {Chinese Physics C},
archivePrefix = "arXiv",
   eprint = {1109.0805},
 primaryClass = "nucl-ex",
     year = 2012,
    month = jun,
   volume = 36,
    pages = {538-543},
      doi = {10.1088/1674-1137/36/6/010},
   adsurl = {http://adsabs.harvard.edu/abs/2012ChPhC..36..538Y},
  adsnote = {Provided by the SAO/NASA Astrophysics Data System}
}



%Paper about EGADS (working in tandem with gravitational waves to determine star spin rate)
@ARTICLE{yokozawaetal2014,
   author = {{Yokozawa}, T. and {Asano}, M. and {Kayano}, T. and {Suwa}, Y. and 
	{Kanda}, N. and {Koshio}, Y. and {Vagins}, M.~R.},
    title = "{Probing Rotation of Core-collapse Supernova with Concurrent Analysis of Gravitational Waves and Neutrinos}",
  journal = {arXiv e-prints},
archivePrefix = "arXiv",
   eprint = {1410.2050},
 primaryClass = "astro-ph.HE",
 keywords = {Astrophysics - High Energy Astrophysical Phenomena, High Energy Physics - Experiment},
     year = 2014,
    month = oct,
   adsurl = {http://adsabs.harvard.edu/abs/2014arXiv1410.2050Y},
  adsnote = {Provided by the SAO/NASA Astrophysics Data System}
}



%ZZZ





%%% FAke Fake Fake
@article{jevvitt1993discovery,
  title={Discovery of the candidate Kuiper belt object 1992 QB1},
  author={Jevvitt, David},
  journal={Nature},
  volume={362},
  year={1993}
}

@article{carraro2006,
  title={Time series photometry of the dwarf planet ERIS (2003 UB313)},
  author={Carraro, Giovanni and Maris, Michele and Bertin, Daniel and Parisi, M Gabriela},
  journal={Astronomy \& Astrophysics},
  volume={460},
  number={2},
  pages={L39--L42},
  year={2006},
  publisher={EDP Sciences}
}
